% This file was created with Citavi 6.0.0.2

@proceedings{2014,
 year = {2014},
 title = {2014 IEEE/IFIP Conference on Software Architecture},
 publisher = {IEEE}
}


@article{Bainomugisha2013,
 author = {Bainomugisha, Engineer and Carreton, Andoni Lombide and {van Cutsem}, Tom and Mostinckx, Stijn and Meuter, Wolfgang de},
 year = {2013},
 title = {A survey on reactive programming},
 pages = {1--34},
 volume = {45},
 number = {4},
 issn = {03600300},
 journal = {ACM Computing Surveys},
 doi = {10.1145/2501654.2501666}
}


@article{Bemenderfer2017,
 author = {{Joshua Bemenderfer}},
 year = {2017},
 title = {Introduction to Routing in Vue.js with vue-router},
 url = {https://alligator.io/vuejs/intro-to-routing/},
 journal = {Alligator.io}
}


@article{Bemenderfer2017a,
 author = {{Joshua Bemenderfer}},
 year = {2017},
 title = {Updating Page Title {\&} Metadata with Vue.js {\&} vue-router},
 url = {https://alligator.io/vuejs/vue-router-modify-head/},
 journal = {Alligator.io}
}


@misc{BemenderferVeeValidate2017,
 author = {{Joshua Bemenderfer}},
 year = {2017},
 title = {Template-Based Form Validation with Vue.js and vee-validate},
 url = {https://alligator.io/vuejs/template-form-validation-vee-validate/}
}


@misc{BemenderferVuelidate2017,
 author = {{Joshua Bemenderfer}},
 year = {2017},
 title = {Model-based Form Validation with Vue.js and Vuelidate},
 url = {https://alligator.io/vuejs/model-form-validation-vuelidate/},
 urldate = {14.04.2018}
}


@misc{Bragge2013,
 author = {{Matti Bragge}},
 year = {2013},
 title = {Model-View-Controller architectural pattern and its evolution in graphical user interface frameworks},
 url = {http://www.doria.fi/bitstream/handle/10024/92156/Model-View-Controller%20architectural%20pattern%20and%20its%20evolution%20in%20graphical%20user%20interface%20frameworks.pdf?sequence=2&isAllowed=y}
}


@article{Cai2017,
 author = {{Saisang Cai}},
 year = {2017},
 title = {Datenbindung},
 url = {https://docs.microsoft.com/de-de/dotnet/framework/wpf/data/data-binding-wpf},
 journal = {Microsoft}
}


@article{Curry2008,
 author = {{Edward Curry} and {Paul Grace}},
 year = {2008},
 title = {Flexible Self-Management Using the Model-View-Controller Pattern},
 pages = {84--90},
 volume = {25},
 number = {3},
 journal = {IEEE Software},
 doi = {10.1109/ms.2008.60}
}


@article{Czaplicki2013,
 author = {Czaplicki, Evan and Chong, Stephen},
 year = {2013},
 title = {Asynchronous functional reactive programming for GUIs},
 pages = {411},
 volume = {48},
 number = {6},
 issn = {03621340},
 journal = {ACM SIGPLAN Notices},
 doi = {10.1145/2499370.2462161}
}


@article{Deacon2005,
 author = {{John Deacon}},
 year = {1995, 2000, 2005},
 title = {Model-View-Controller (MVC) Architecture},
 journal = {JOHN DEACON Computer Systems Development, Consulting {\&} Training}
}


@misc{DictionaryTemplating,
 author = {Unknown},
 url = {https://www.thefreedictionary.com/Templating}
}


@article{EderModel2017,
 author = {{Norbert Eder}},
 year = {2017},
 title = {MVVM Das Model},
 url = {https://www.norberteder.com/mvvm-das-model/}
}


@article{EderView2017,
 author = {{Norbert Eder}},
 year = {2017},
 title = {MVVM Die View},
 url = {https://www.norberteder.com/MVVM-Die-View/}
}


@article{EderViewModel2017,
 author = {{Norbert Eder}},
 year = {2017},
 title = {MVVM Das ViewModel},
 url = {https://www.norberteder.com/MVVM-Das-ViewModel/}
}


@book{Etzion&Niblett2011,
 author = {Etzion, Opher and Niblett, Peter},
 year = {2011},
 title = {Event processing in action},
 url = {http://proquest.tech.safaribooksonline.de/9781935182214},
 address = {Greenwich, Conn.},
 urldate = {14.04.2018},
 publisher = {Manning},
 isbn = {1935182218}
}


@book{Filipova2016,
 author = {{Olga Filipova}},
 year = {2016},
 title = {Learning Vue.js 2},
 url = {https://www.packtpub.com/mapt/book/web_development/9781786469946},
 publisher = {Packt}
}


@book{Goll2011,
 abstract = {Software ist ein unverzichtbarer Anteil zahlreicher heutiger Systeme. Ihre Erstellung beinhaltet im Idealfall einen standardisierten, methodischen Entwicklungsprozess, der f{\"u}r alle am Projekt Beteiligten verst{\"a}ndlich ist und quasi die Sprache des Projekts darstellt. Das Hauptziel dieses Buches ist die methodische, stabile und standardisierte Konstruktion von Software-Systemen. Behandelt werden hier insbesondere die einzelnen Schritte der Entwicklung, n{\"a}mlich das Erstellen von Requirements, funktionsorientierte, datenorientierte und objektorientierte Konzepte f{\"u}r die Systemanalyse und den Systementwurf, sowie das Testen von Systemen. Entwurfs- und Architekturmuster sowie aspektorientierte Ans{\"a}tze runden das Spektrum dieses Buches ab.  Professor Dr. Joachim Goll, Hochschule Esslingen



Joachim Goll},
 author = {Goll, Joachim},
 year = {2011},
 title = {Methoden und Architekturen der Softwaretechnik},
 url = {http://dx.doi.org/10.1007/978-3-8348-8164-9},
 address = {Wiesbaden},
 edition = {1. Aufl.},
 publisher = {{Vieweg+Teubner Verlag}},
 isbn = {978-3-8348-1578-1},
 series = {Studium},
 doi = {10.1007/978-3-8348-8164-9}
}


@book{Goll2014,
 author = {{Joachim Goll}},
 year = {2014},
 title = {Architektur- und Entwurfsmuster der Softwaretechnik: Mit lauff{\"a}higen Beispielen in Java (German Edition)},
 url = {https://www.amazon.com/Architektur-Entwurfsmuster-Softwaretechnik-lauff%C3%A4higen-Beispielen/dp/3658055316?SubscriptionId=0JYN1NVW651KCA56C102&tag=techkie-20&linkCode=xm2&camp=2025&creative=165953&creativeASIN=3658055316},
 publisher = {{Springer Vieweg}},
 isbn = {978-3-658-05531-8}
}


@misc{GoogleTrends2018,
 author = {{Google Trends}},
 year = {2018},
 title = {TrendsVue},
 url = {https://trends.google.de/trends/explore?date=today%205-y&q=vue.js,react.js,angular.js}
}


@article{Gore2016,
 author = {{Anthony Gore}},
 year = {2016},
 title = {Exploring Vue.js: Reactive Two-Way Data Binding},
 url = {https://medium.com/js-dojo/exploring-vue-js-reactive-two-way-data-binding-da533d0c4554},
 journal = {medium.com}
}


@misc{Gruijs2017,
 author = {{Luuk Gruijs}},
 year = {2017},
 title = {Understanding, creating and subscribing to observables in Angular},
 url = {https://medium.com/@luukgruijs/understanding-creating-and-subscribing-to-observables-in-angular-426dbf0b04a3}
}


@misc{Haupt2018,
 author = {{Toni Haupt}},
 year = {2018},
 title = {Vue.js -- it's simple until you make it complicated},
 url = {https://blog.codecentric.de/2018/02/vue-js-simple-make-complicated/}
}


@article{Insfran2014,
 author = {Insfran, Emilio and Chastek, Gary and Donohoe, Patrick and {do Prado Leite}, Julio C{\'e}sar Sampaio},
 year = {2014},
 title = {Requirements engineering in software product line engineering},
 pages = {331--332},
 volume = {19},
 number = {4},
 issn = {0947-3602},
 journal = {Requirements Engineering},
 doi = {10.1007/s00766-013-0189-0}
}


@article{Jaeckle2015,
 author = {{Lukas Jaeckle, Joachim Goll, Manfred Dausmann}},
 year = {2015},
 title = {Das Architekturmuster Model-View-ViewModel}
}


@misc{Kogel2015,
 author = {{Paul K{\"o}gel}},
 year = {2015},
 title = {React Einsteiger Tutorial},
 url = {http://reactjs.de/posts/react-tutorial}
}


@book{Kouraklis2016,
 author = {{John Kouraklis}},
 year = {2016},
 title = {MVVM in Delphi: Architecting and Building Model View ViewModel Applications},
 url = {https://www.amazon.com/MVVM-Delphi-Architecting-ViewModel-Applications-ebook/dp/B01M8O1511?SubscriptionId=0JYN1NVW651KCA56C102&tag=techkie-20&linkCode=xm2&camp=2025&creative=165953&creativeASIN=B01M8O1511},
 publisher = {Apress},
 isbn = {978-1-4842-2213-3}
}


@misc{Lambert2016,
 author = {{Christian Lambert} and {Matthias Ebbing}},
 editor = {Jaxenter},
 year = {2016},
 title = {Reaktiv in Java mit RxJava: Reaktiv in die Praxis: Reaktive Programmierung mit RxJava},
 url = {https://jaxenter.de/reaktiv-in-die-praxis-reaktive-programmierung-mit-rxjava-39088},
 urldate = {15.04.2018}
}


@book{Lee2016,
 author = {Lee, Colin},
 year = {2016},
 title = {Reactive Java Programming},
 address = {s.l.},
 publisher = {{Springer Verlag}},
 isbn = {978-1-4842-1429-9}
}


@proceedings{Leff2001,
 year = {2001},
 title = {Web-application development using the Model/View/Controller design pattern},
 publisher = {{IEEE Comput. Soc}},
 editor = {{A. Leff {\&} J.T. Rayfield}}
}


@misc{Lohmuller2016,
 author = {{Jan Carsten Lohm{\"u}ller}},
 year = {2016},
 title = {Reactive Programming -- Mehr als nur Streams und Lambdas},
 url = {https://www.informatik-aktuell.de/entwicklung/programmiersprachen/reactive-programming-mehr-als-nur-streams-und-lambdas.html},
 urldate = {15.04.2018}
}


@article{MicrosoftMVVM2012,
 author = {Unknown},
 year = {2012},
 title = {The MVVM Pattern},
 url = {https://msdn.microsoft.com/en-in/library/hh848246.aspx?irgwc=1&OCID=AID681541_aff_7593_1211691&tduid=(ir_VqY0n%3AR2F0Iazt90ZWSkDWZQUkjwTGy5NQ1xQg0)(7593)(1211691)()(ir)&clickid=VqY0n%3AR2F0Iazt90ZWSkDWZQUkjwTGy5NQ1xQg0&ircid=7593},
 journal = {Microsoft}
}


@misc{PacktVideoVue2017,
 author = {{Packt Video}},
 year = {2017},
 title = {Web development with Vue.js 2}
}


@article{Pastushenko2017,
 author = {{Olena Pastushenko}},
 year = {2017},
 title = {UXgraph - Vue.js library with predefined D3 graphs}
}


@article{Peres2016,
 author = {{Rui Peres}},
 year = {2016},
 title = {Model-View-Controller (MVC) in iOS: A Modern Approach},
 url = {https://www.raywenderlich.com/132662/mvc-in-ios-a-modern-approach}
}


@article{Pete2016,
 author = {{Naveen Pete}},
 year = {2016},
 title = {MVC, MVVM and Angular},
 url = {https://naveenpete.wordpress.com/2016/09/07/mvc-mvvm-and-angular/}
}


@misc{Peters2017,
 author = {{Kevin Peters}},
 year = {2017},
 title = {Large-scale Vuex application structures},
 url = {https://medium.com/3yourmind/large-scale-vuex-application-structures-651e44863e2f}
}


@article{Potel1996,
 author = {{Mike Potel}},
 year = {1996},
 title = {MVP: Model-View-Presenter. The Taligent Programming Model for C++ and Java},
 journal = {Taligent, Inc}
}


@misc{Heini2010,
 author = {R.Heini},
 year = {2010},
 title = {Ziele und Anforderungen: Funktionale, nicht funktionale Anforderungen},
 url = {http://www.anforderungsmanagement.ch/in_depth_vertiefung/ziele_und_anforderungen/index.html}
}


@misc{ReaktiveManifest2014,
 author = {{Jonas Bon{\'e}r, Dave Farley, Roland Kuhn, and Martin Thompson}},
 year = {2014},
 title = {Das Reaktive Manifest},
 url = {https://www.reactivemanifesto.org/de}
}


@article{AlligatorTemplating2016,
 author = {Unknown},
 year = {2016-2017},
 title = {Vue.js Templating},
 url = {https://alligator.io/vuejs/templating/},
 journal = {Alligator.io}
}


@article{Singer2004,
 author = {{Leif Singer}},
 year = {2004},
 title = {Model-View-Controller},
 url = {http://www.se.uni-hannover.de/priv/lehre_2004winter_seminar_software_entwurf/04_mvc.pdf},
 journal = {Uni Hannover}
}


@misc{Skirzynski2015,
 author = {{Marcin Skirzynski}},
 year = {2015},
 title = {Virtuelles DOM mit React.js},
 url = {http://reactjs.de/posts/virtuelles-dom-mit-react-js}
}


@misc{Sophist2011,
 author = {Sophist},
 year = {1998-2011},
 title = {Anforderungen},
 url = {http://www.sophist.de/anforderungen/requirements-engineering/faq-requirements-engineering/},
 urldate = {18.04.2018}
}


@article{Springer2017,
 author = {{Sebastian Springer}},
 year = {2017},
 title = {Vue.js: Das Framework im {\"U}berblick},
 url = {https://entwickler.de/leseproben/framework-ueberblick-vuejs-579760880.html},
 journal = {PHP Magazin, entwickler.de}
}


@misc{Svensson2015,
 author = {Alexander, Svensson},
 year = {2015},
 title = {Speed~Performance~Comparison~of~JavaScript~MVC~Frameworks},
 url = {http://www.diva-portal.org/smash/get/diva2:998701/FULLTEXT03.pdf},
 keywords = {JavaScript Framework Angular Aurelia Backbone Ember Knockout Mithril Vue}
}


@inproceedings{Syromiatnikov2014,
 author = {{Artem Syromiatnikov} and {Danny Weyns}},
 title = {A Journey through the Land of Model-View-Design Patterns},
 publisher = {IEEE},
 booktitle = {2014 IEEE/IFIP Conference on Software Architecture},
 year = {2014},
 doi = {10.1109/wicsa.2014.13}
}


@article{Teufel2018,
 author = {{Marc Teufel}},
 year = {2018},
 title = {Vue.js: Der Siegeszug eines Frameworks},
 url = {https://entwickler.de/leseproben/vue-framework-579832700.html},
 journal = {entwicklerspezial, entwickler.de}
}


@article{tutorialspointMVVM,
 author = {Unknown},
 title = {MVVM Tutorial},
 url = {https://www.tutorialspoint.com/mvvm/mvvm_advantages.htm},
 journal = {tutorialspoint}
}


@article{TU-Wien2013,
 author = {{Alexander Schatten, Stefan Biffl, Markus Demolsky, Erik Gostischa-Franta, Thomas {\"O}streicher, Dietmar Winkler}},
 year = {2013},
 title = {Delegation Pattern},
 url = {http://best-practice-software-engineering.ifs.tuwien.ac.at/patterns/delegation.html},
 journal = {Best-Practise Software Engineering}
}


@article{UniHagenWeb,
 author = {{Dirk Frischalowski}, Benjamin Wallenborn},
 title = {Einf{\"u}hrung in Java-Webanwendungen},
 url = {http://www.isdb.fernuni-hagen.de/wbt/files/demo/jsp/JSP/Kursseite_35130.htm},
 journal = {Uni Hagen}
}


@misc{VueDokumentationComponents2018,
 author = {Unknown},
 title = {Components},
 url = {https://v1.vuejs.org/guide/components.html#What-are-Components}
}


@misc{VueDokumentationEvent2018,
 author = {Unknown},
 editor = {Vue.js},
 year = {2018},
 title = {Event Handling},
 url = {https://vuejs.org/v2/guide/events.html}
}


@misc{VueDokumentationOther2018,
 author = {Unknown},
 editor = {Vue.js},
 year = {2018},
 title = {Comparison with Other Frameworks},
 url = {https://vuejs.org/v2/guide/comparison.html},
 urldate = {16.04.2018}
}


@misc{VueDokumentationValidierung2018,
 author = {Unknown},
 title = {Form Validation},
 url = {https://vuejs.org/v2/cookbook/form-validation.html},
 urldate = {14.04.2018}
}


@article{Wan2000,
 author = {Wan, Zhanyong and Hudak, Paul},
 year = {2000},
 title = {Functional reactive programming from first principles},
 pages = {242--252},
 volume = {35},
 number = {5},
 issn = {03621340},
 journal = {ACM SIGPLAN Notices},
 doi = {10.1145/358438.349331}
}


@article{Zynda2017,
 author = {{Ed Zynda}},
 year = {2017},
 title = {Getting Started With Vue Router},
 url = {https://scotch.io/tutorials/getting-started-with-vue-router},
 journal = {scotch.io}
}


